@book{Wer,
    author = {Hermann Kolanski, Norbert Wermes},
    title = {Teilchendetektoren},
    publisher = {Springer},
    year = {2016}
}