@article{Naka,
  author  = {K. Nakamura et al. (Particle Data Group)},
  title   = {Review of Particle Physics},
  journal = {J, Phys. G},
  volume  = {37},
  number  = {075021},
  year    = {2010},
}

@online{shower,
    author = {Wikipedia},
    title  = {Kosmische Strahlung},
    url    = {https://de.wikipedia.org/wiki/Kosmische_Strahlung},
    note   = {letzter Zugriff: 17.05.2025},
}

@online{Standardmodell,
    author = {Wikipedia},
    title  = {Standardmodell},
    url    = {https://de.wikipedia.org/wiki/Standardmodell},
    note   = {letzter Zugriff: 17.05.2025},
}
